@misc{playground-series-s3e26,
    author = {Walter Reade and Ashley Chow},
    title = {Multi-Class Prediction of Cirrhosis Outcomes},
    publisher = {Kaggle},
    year = {2023},
    howpublished = "\url{https://kaggle.com/competitions/playground-series-s3e26}",
}